<record><leader>00000cas a22000007a 4500</leader><controlfield tag="001">10378847</controlfield><controlfield tag="008">840206c198u9999nhuwr ne      0   a0eng d</controlfield><datafield ind1=" " ind2=" " tag="010"><subfield code="a">sn 84009570 </subfield></datafield><datafield ind1=" " ind2=" " tag="040"><subfield code="a">NSD</subfield><subfield code="b">eng</subfield><subfield code="c">NSD</subfield><subfield code="d">OCLCQ</subfield></datafield><datafield ind1=" " ind2=" " tag="012"><subfield code="l">a</subfield><subfield code="m">d</subfield></datafield><datafield ind1="1" ind2=" " tag="022"><subfield code="a">0746-9004</subfield><subfield code="l">0746-9004</subfield><subfield code="y">0192-849X</subfield><subfield code="2">1</subfield></datafield><datafield ind1=" " ind2=" " tag="037"><subfield code="b">The Monadnock Shopper News, P.O. Box 487, Keene, N.H. 03431-0487</subfield></datafield><datafield ind1=" " ind2=" " tag="042"><subfield code="a">nsdp</subfield></datafield><datafield ind1=" " ind2="4" tag="222"><subfield code="a">The Monadnock shopper news</subfield></datafield><datafield ind1="0" ind2="4" tag="245"><subfield code="a">The Monadnock shopper news.</subfield></datafield><datafield ind1=" " ind2=" " tag="260"><subfield code="a">[Keene, N.H. :</subfield><subfield code="b">Shakour Publishers]</subfield></datafield><datafield ind1=" " ind2=" " tag="310"><subfield code="a">Weekly</subfield></datafield><datafield ind1=" " ind2=" " tag="588"><subfield code="a">Description based on: Vol. 25, no. 9 (Jan. 18, 1984).</subfield></datafield><datafield ind1=" " ind2=" " tag="752"><subfield code="a">United States</subfield><subfield code="b">New Hampshire</subfield><subfield code="c">Cheshire</subfield><subfield code="d">Keene.</subfield></datafield><datafield ind1="0" ind2="0" tag="780"><subfield code="t">Keene shopper news</subfield><subfield code="x">0192-849X</subfield><subfield code="w">(OCoLC)5094198</subfield></datafield><datafield ind1=" " ind2=" " tag="936"><subfield code="a">Jan. 18, 1984</subfield></datafield><datafield ind1="1" ind2=" " tag="029"><subfield code="a">AU@</subfield><subfield code="b">000025835541</subfield></datafield></record>